@article{botha2009,
	title = {Why metaphor matters in education},
	volume = {29},
	url = {http://www.scielo.org.za/scielo.php?pid=S0256-01002009000400001&script=sci_arttext&tlng=en},
	number = {4},
	urldate = {2016-01-20},
	journal = {South African Journal of Education},
	author = {Botha, Elaine},
	year = {2009},
	pages = {431--444}
	}

@book{urquhart_grounded_2013,
	address = {Los Angeles, CA},
	title = {Grounded theory for qualitative research: a practical guide},
	shorttitle = {Grounded theory for qualitative research},
	publisher = {SAGE},
	author = {Urquhart, Cathy},
	year = {2013}
	}

@article{bessant2002,
	title = {Dawkins' higher education reforms and how metaphors work in policy making},
	volume = {24},
	number = {1},
	journal = {Journal of Higher Education Policy and Management},
	author = {Bessant, Judith},
	year = {2002},
	pages = {87--99}
	}

@article{sfard1998,
	title = {On {two} {metaphors} for {learning} and the {dangers} of {choosing} {just} {one}},
	volume = {27},
	issn = {0013189X},
	doi = {10.2307/1176193},
	number = {2},
	urldate = {2016-01-20},
	journal = {Educational Researcher},
	author = {Sfard, Anna},
	month = mar,
	year = {1998},
	pages = {4}
	}

@article{perrez2015,
	title = {Special issue on the political impact of metaphors},
	volume = {5},
	issn = {2210-4070, 2210-4097},
	doi = {10.1075/msw.5.2.00int},
	language = {en},
	number = {2},
	urldate = {2016-01-20},
	journal = {Metaphor and the Social World},
	author = {Perrez, Julien and Reuchamps, Min},
	year = {2015},
	pages = {165--176}
	}

@article{mcglone_what_2007,
	title = {What is the explanatory value of a conceptual metaphor?},
	volume = {27},
	issn = {02715309},
	doi = {10.1016/j.langcom.2006.02.016},
	language = {en},
	number = {2},
	urldate = {2016-01-20},
	journal = {Language \& Communication},
	author = {McGlone, Matthew S.},
	month = apr,
	year = {2007},
	pages = {109--126}
	}

@article{harrington_use_2012,
	title = {The use of metaphor in discourse about cancer: {A} review of the literature},
	volume = {16},
	issn = {1092-1095, 1538-067X},
	shorttitle = {The use of metaphor in discourse about cancer},
	doi = {10.1188/12.CJON.408-412},
	number = {4},
	urldate = {2016-01-20},
	journal = {Clinical Journal of Oncology Nursing},
	author = {Harrington, Kristine J.},
	month = aug,
	year = {2012},
	pages = {408--412}
	}

@article{levin_aristotles_1982,
	title = {Aristotle's theory of metaphor},
	volume = {15},
	issn = {0031-8213},
	url = {http://www.jstor.org/stable/40237305},
	number = {1},
	urldate = {2016-01-20},
	journal = {Philosophy \& Rhetoric},
	author = {Levin, Samuel R.},
	year = {1982},
	pages = {24--46}
	}

@article{pragglejaz2007,
	title = {{MIP}: {A} method for identifying metaphorically used words in discourse},
	volume = {22},
	issn = {1092-6488, 1532-7868},
	shorttitle = {{MIP}},
	doi = {10.1080/10926480709336752},
	language = {en},
	number = {1},
	urldate = {2016-01-20},
	journal = {Metaphor and Symbol},
	author = {Pragglejaz},
	month = jan,
	year = {2007},
	pages = {1--39}
	}

@book{lakoff1980,
	address = {Chicago, IL},
	title = {Metaphors we live by},
	isbn = {0-226-46801-1},
	publisher = {University of Chicago Press},
	author = {Lakoff, George and Johnson, Mark},
	year = {1980}
	}

@article{miller1990,
	title = {Perceptions of the crisis in {American} public education: {The} relationship of metaphors to ideology},
	volume = {5},
	issn = {0885-7253},
	doi = {10.1207/s15327868ms0502_1},
	language = {en},
	number = {2},
	urldate = {2016-01-20},
	journal = {Metaphor and Symbolic Activity},
	author = {Miller, Steven I. and Fredericks, Marcel},
	month = jun,
	year = {1990},
	pages = {67--81},
}

@book{hawkes1984,
	address = {London, England},
	series = {The critical idiom},
	title = {Metaphor},
	isbn = {978-0-416-09030-7},
	number = {25},
	publisher = {Methuen},
	author = {Hawkes, Terence},
	year = {1984},
	keywords = {Metaphor}
}

@book{knowles2006,
	address = {London, England},
	title = {Introducing metaphor},
	publisher = {Routledge},
	author = {Knowles, Murray and Moon, Rosamund},
	year = {2006},
	keywords = {Metaphor}
}

@article{gong2007,
	title = {Processing conceptual metaphors in on-going discourse},
	volume = {22},
	issn = {1092-6488},
	doi = {10.1080/10926480701528121},
	number = {4},
	urldate = {2016-01-21},
	journal = {Metaphor and Symbol},
	author = {Gong, Shu-Ping and Ahrens, Kathleen},
	month = sep,
	year = {2007},
	pages = {313--330},
}

@book{steen1994,
	address = {London, England},
	series = {Studies in language and linguistics},
	title = {Understanding metaphor in literature: an empirical approach},
	shorttitle = {Understanding metaphor in literature},
	publisher = {Longman},
	author = {Steen, Gerard},
	year = {1994}
	}

@article{lakoff_figure_1986,
	title = {A figure of thought},
	volume = {1},
	issn = {0885-7253},
	doi = {10.1207/s15327868ms0103_4},
	number = {3},
	urldate = {2016-01-21},
	journal = {Metaphor and Symbolic Activity},
	author = {Lakoff, George},
	month = sep,
	year = {1986},
	pages = {215--225}
	}

@book{cameron2003,
        address = {Sydney, Australia},
	title = {Metaphor in educational discourse},
	isbn = {978-0-8264-4940-5},
	language = {en},
	publisher = {A\& C Black},
	author = {Cameron, Lynne},
	month = mar,
	year = {2003}
	}

@book{deignan2005,
	address = {Amsterdam, The Netherlands},
	series = {Converging evidence in language and communication research},
	title = {Metaphor and corpus linguistics},
	number = {v. 6},
	publisher = {J. Benjamins Pub},
	author = {Deignan, Alice},
	year = {2005}
	}

@book{charteris-black2004,
        address = {London, England},
	title = {Corpus approaches to critical metaphor analysis},
	isbn = {978-1-4039-3292-1},
	language = {en},
	publisher = {Palgrave Macmillan UK},
	author = {Charteris-Black, J.},
	year = {2004}
	}

@book{ortony_metaphor_1993,
        address = {Cambridge, England},
	title = {Metaphor and thought},
	isbn = {978-0-521-40561-4},
	language = {en},
	publisher = {Cambridge University Press},
	author = {Ortony, Andrew},
	year = {1993}
	}

@article{ntzani_under_2015,
	title = {Under the spell of metaphors: {Investigating} the effects of conduit and container metaphors on museum experience},
	volume = {58},
	issn = {00113069},
	doi = {10.1111/cura.12098},
	number = {1},
	urldate = {2016-01-22},
	journal = {Curator},
	author = {Ntzani, Dimitra},
	month = jan,
	year = {2015},
	pages = {59--76}
	}

@article{roediger_memory_1980,
	title = {Memory metaphors in cognitive psychology},
	volume = {8},
	number = {3},
	urldate = {2016-01-23},
	journal = {Memory \& Cognition},
	author = {Roediger, Henry L.},
	year = {1980},
	pages = {231--246}
	}

@article{amin_arrow_2012,
	title = {Arrow of time: {Metaphorical} construals of entropy and the second law of thermodynamics},
	volume = {96},
	issn = {00368326},
	shorttitle = {Arrow of time},
	doi = {10.1002/sce.21015},
	language = {en},
	number = {5},
	urldate = {2016-01-22},
	journal = {Science Education},
	author = {Amin, Tamer G. and Jeppsson, Fredrik and Haglund, Jesper and Str\"{o}mdahl, Helge},
	month = sep,
	year = {2012},
	pages = {818--848}
	}

@article{christidou_constructing_2004,
	title = {Constructing social representations of science and technology: {The} role of metaphors in the press and the popular scientific magazines},
	volume = {13},
	issn = {0963-6625, 1361-6609},
	shorttitle = {Constructing social representations of science and technology},
	doi = {10.1177/0963662504044108},
	language = {en},
	number = {4},
	urldate = {2016-01-22},
	journal = {Public Understanding of Science},
	author = {Christidou, Vasilia and Dimopoulos, Kostas and Koulaidis, Vasilis},
	month = jan,
	year = {2004},
	pages = {347--362}
	}

@article{langer_metaphors_2015,
	series = {16th {Annual} {Conference} on {Finance} and {Accounting}, {ACFA} {Prague} 2015, 29th {May} 2015},
	title = {Metaphors in economics: {Conceptual} mapping possibilities in the lectures of economics},
	volume = {25},
	issn = {2212-5671},
	shorttitle = {Metaphors in {Economics}},
	doi = {10.1016/S2212-5671(15)00741-8},
	urldate = {2016-01-22},
	journal = {Procedia Economics and Finance},
	author = {Langer, Tom\'{a}\v{s}},
	year = {2015},
	keywords = {Analogy, Conceptual metaphor theory, Economic education, Economics, Metaphor},
	pages = {308--317}
	}

@book{fussell_verbal_2002,
        address = {Hove, England},
	title = {The verbal communication of emotions: {Interdisciplinary} perspectives},
	isbn = {978-1-135-65480-1},
	language = {en},
	publisher = {Psychology Press},
	author = {Fussell, Susan R.},
	month = dec,
	year = {2002}
}

@incollection{reddy1993,
	edition = {Second edition},
	title = {The conduit metaphor: {A} case of frame conflict in our language about language},
	isbn = {978-1-139-17386-5},
	shorttitle = {The conduit metaphor},
	booktitle = {Metaphor and {Thought}},
	publisher = {Cambridge University Press},
	address = {Cambridge, England},
	author = {Reddy, Michael J.},
	year = {1993}
}

@article{wallis2001,
	title = {Knowledge discovery in grammatically analysed corpora},
	volume = {5},
	issn = {1384-5810, 1573-756X},
	doi = {10.1023/A:1011453128373},
	language = {en},
	number = {4},
	urldate = {2016-01-22},
	journal = {Data Mining and Knowledge Discovery},
	author = {Wallis, Sean and Nelson, Gerald},
	month = oct,
	year = {2001},
	pages = {305--335}
	}

@misc{young2001,
	title = {Cancer is not a cancer, a prostate cancer journal entry by {Robert} {Vaughn} {Young}},
	urldate = {2016-01-25},
	author = {Young, Robert},
	month = nov,
	year = {2001}
	}

@article{granger2014,
	chapter = {Society},
	title = {Having cancer is not a fight or a battle},
	issn = {0261-3077},
	language = {en-GB},
	urldate = {2016-01-25},
	journal = {The Guardian},
	author = {Granger, Kate},
	month = apr,
	year = {2014}
	}

@book{bogner2009,
        address = {London, England},
	title = {Interviewing experts},
	isbn = {978-0-230-22019-5},
	language = {en},
	publisher = {Palgrave Macmillan UK},
	author = {Bogner, A. and Littig, B. and Menz, W.},
	month = jul,
	year = {2009}
	}

@article{thomas2006,
	title = {Reinventing grounded theory: {Some} questions about theory, ground and discovery},
	volume = {32},
	issn = {0141-1926},
	number = {6},
	urldate = {2016-02-08},
	journal = {British Educational Research Journal},
	author = {Thomas, Gary and James, David},
	year = {2006},
	pages = {767--795}
	}

@article{allan_critique_2003,
	title = {A critique of using grounded theory as a research method},
	volume = {2},
	number = {1},
	urldate = {2016-02-08},
	journal = {Electronic journal of business research methods},
	author = {Allan, George},
	year = {2003},
	pages = {1--10}
	}

@article{schinck_using_2008,
	title = {Using metaphors to unpack student beliefs about mathematics},
	volume = {108},
	copyright = {2008 School Science and Mathematics Association},
	issn = {1949-8594},
	doi = {10.1111/j.1949-8594.2008.tb17845.x},
	language = {en},
	number = {7},
	urldate = {2016-07-18},
	journal = {School Science and Mathematics},
	author = {Schinck, Am\'{e}lie G. and Neale, Henry W. and Pugalee, David K. and Cifarelli, Victor V.},
	month = nov,
	year = {2008},
	pages = {326--333}
	}

@incollection{lakoff_conceptual_1998,
        address = {Cambridge, England},
	title = {Conceptual metaphor in mathematics},
	booktitle = {Discourse and cognition: {Bridging} the gap},
	publisher = {CSLI/Cambridge},
	author = {Lakoff, George and N\'{u}\~{n}ez, Rafael, E.},
	editor = {Koenig, JP},
	year = {1998},
}

@article{pimm_metaphor_1981,
	title = {Metaphor and {analogy} in {mathematics}},
	volume = {1},
	issn = {0228-0671},
	number = {3},
	urldate = {2016-07-18},
	journal = {For the Learning of Mathematics},
	author = {Pimm, David},
	year = {1981},
	pages = {47--50}
}

@article{pimm1988,
        title = {Mathematical metaphor},
	journal = {For the Learning of Mathematics},
	author = {Pimm, David},
        volume = {8},
	number = {1},
	year = {1988},
	pages = {30--34}
	}

@article{pimm1984,
        author = {Pimm, David},
        title = {Who is we?},
	journal = {Mathematics Teaching},
	volume = {107},
	month = {June},
	year = {1984},
	pages = {39--42}
}

@article{gilbert_evaluation_1989,
	title = {An evaluation of the use of analogy, simile, and metaphor in science texts},
	volume = {26},
	issn = {1098-2736},
	doi = {10.1002/tea.3660260405},
	language = {en},
	number = {4},
	urldate = {2016-08-09},
	journal = {Journal of Research in Science Teaching},
	author = {Gilbert, Steven W.},
	month = apr,
	year = {1989},
	pages = {315--327}
	}

@incollection{reddy1993_backup,
        address = {Cambridge, England},
	isbn = {978-0-521-40561-4},
	language = {en},
	booktitle = {Metaphor and {Thought}},
	publisher = {Cambridge University Press},
	author = {Reddy, Michael},
	month = nov,
	year = {1993},
	keywords = {Psychology / Cognitive Psychology \& Cognition, Psychology / General},
	pages = {284--324}
}

@article{munby1986,
	title = {Metaphor in the thinking of teachers: {An} exploratory study},
	volume = {18},
	issn = {0022-0272, 1366-5839},
	shorttitle = {Metaphor in the thinking of teachers},
	doi = {10.1080/0022027860180209},
	language = {en},
	number = {2},
	urldate = {2016-08-29},
	journal = {Journal of Curriculum Studies},
	author = {Munby, Hugh},
	month = apr,
	year = {1986},
	pages = {197--209}
	}

@article{low2008,
	title = {Metaphor use in three {UK} university lectures},
	volume = {29},
	issn = {0142-6001, 1477-450X},
	doi = {10.1093/applin/amn008},
	language = {en},
	number = {3},
	journal = {Applied Linguistics},
	author = {Low, G. and Littlemore, J. and Koester, A.},
	month = jul,
	year = {2008},
	pages = {428--455}
	}

@book{claxton2013,
        address = {London, England},
	title = {What's the point of school?: {Rediscovering} the heart of education},
	isbn = {978-1-78074-472-8},
	language = {en},
	publisher = {Oneworld Publications},
	author = {Claxton, Guy},
	month = oct,
	year = {2013}
	}

@book{toffler1990,
        address = {New York City, NY},
	title = {Future shock},
	isbn = {978-0-553-27737-1},
	language = {en},
	publisher = {Bantam Books},
	author = {Toffler, Alvin},
	year = {1990}
	}

@book{bereiter2005,
        address = {Oxford, England},
	title = {Education and mind in the knowledge age},
	isbn = {978-1-135-64478-9},
	language = {en},
	publisher = {Routledge},
	author = {Bereiter, Carl},
	month = apr,
	year = {2005}
	}

@article{low2005,
	title = {Explaining evolution: the use of animacy in an example of semi-formal science writing},
	volume = {14},
	issn = {0963-9470, 1461-7293},
	shorttitle = {Explaining evolution},
	doi = {10.1177/0963947005051285},
	language = {en},
	number = {2},
	urldate = {2016-08-29},
	journal = {Language and Literature},
	author = {Low, Graham},
	month = jan,
	year = {2005},
	pages = {129--148}
	}

@MastersThesis{kortens1988,
  author = 	 {Kortens, Maureen},
  title = 	 {Metaphor in Education},
  school = 	 {Victoria University of Wellington},
  year = 	 {1988}
  }

@article{willox2010,
	title = {Co-{creating} {metaphor} in the {classroom} for {deeper} {learning}: {graduate} {student} {reflections}},
	volume = {22},
	issn = {1812-9129},
	language = {en},
	number = {1},
	urldate = {2016-08-31},
	journal = {International Journal of Teaching and Learning in Higher Education},
	author = {Willox, Ashlee Cunsolo and Harper, Sherilee L. and Bridger, Dawson and Morton, Stephanie and Orbach, Ariella and Sarapura, Silvia},
	year = {2010},
	pages = {71--79}
	}

@article{akerman2005,
	title = {What does \squote{natural capital} do? {The} role of metaphor in economic understanding of the environment},
	volume = {11},
	issn = {1350-4622},
	shorttitle = {What does \squote{natural capital} do?},
	doi = {10.1080/1350462042000328730},
	number = {1},
	urldate = {2016-08-31},
	journal = {Environmental Education Research},
	author = {Maria \r{A}kerman},
	month = feb,
	year = {2005},
	pages = {37--52}
	}

@book{panther1999,
	address = {Amsterdam, The Netherlands},
	title = {Metonymy in language and thought},
	isbn = {978-90-272-2356-2},
	language = {en},
	publisher = {John Benjamins Publishing},
	author = {Panther, Klaus-Uwe and Radden, G\"{u}nter},
	month = jan,
	year = {1999}
	}

@book{lakoff2000,
	title = {Where {mathematics} {comes} from: {How} the {embodied} {Mmind} {brings} {mathematics} {into} {being}},
	address = {New York City, NY},
	isbn = {978-0-465-03771-1},
	language = {en},
	publisher = {Basic Books},
	author = {Lakoff, George and N\'{u}\~{n}ez, Rafael E.},
	year = {2000}
	}

@Article{auslander2001,
  author = 	 {Auslander, Joseph},
  title = 	 {Embodied Mathematics},
  journal = 	 {American Scientist},
  year = 	 {2001},
  volume =	 {89},
  number =	 {4},
  pages =	 {1},
  month =	 {July-August}
  }

@Article{henderson2002,
  author = 	 {Henderson, D. W.},
  title = 	 {Where mathematics comes from: how the embodied mind brings mathematics into being},
  journal = 	 {Mathematical Intelligencer},
  year = 	 {2002},
  volume =	 {24},
  number =	 {1},
  pages =	 {75--78}
  }

@Article{gold2001,
  author  = 	 {Gold, Bonnie},
  year    =      {2001},
  title   = 	 {Where mathematics comes from: how the embodied mind brings mathematics into being},
  journal = 	 {Mathematical Association of America},
  }

@article{nunez1999,
	title = {Embodied cognition as grounding for situatedness and context in mathematics education},
	volume = {39},
	issn = {0013-1954},
	number = {1/3},
	urldate = {2016-09-30},
	journal = {Educational Studies in Mathematics},
	author = {N\'{u}\~{n}ez, Rafael E. and Edwards, Laurie D. and Matos, Jo\~{a}o Filipe},
	year = {1999},
	pages = {45--65}
}

@article{ortony1975,
	title = {Why {metaphors} {are} {necessary} and {not} {just} {nice}},
	volume = {25},
	issn = {1741-5446},
	doi = {10.1111/j.1741-5446.1975.tb00666.x},
	language = {en},
	number = {1},
	urldate = {2016-09-30},
	journal = {Educational Theory},
	author = {Ortony, Andrew},
	month = jan,
	year = {1975},
	pages = {45--53}
	}

@article{quilici1996,
	title = {Role of examples in how students learn to categorize statistics word problems},
	volume = {88},
	issn = {1939-2176 0022-0663},
	doi = {10.1037/0022-0663.88.1.144},
	language = {English},
	number = {1},
	journal = {Journal of Educational Psychology},
	author = {Quilici, Jill L. and Mayer, Richard E.},
	year = {1996},
	pages = {144--161}
}

@incollection{verschaffel2014,
	address = {Dordrecht, The Netherlands},
	title = {Word {problems} in {mathematics} {education}},
	language = {en},
	urldate = {2016-09-30},
	booktitle = {Encyclopedia of {Mathematics} {Education}},
	publisher = {Springer},
	author = {Verschaffel, Lieven and Depaepe, Fien and Van Dooren, Wim},
	editor = {Lerman, Stephen},
	year = {2014},
	pages = {641--645}
}

@article{reusser1997,
	title = {Every word problem has a solution---{The} social rationality of mathematical modeling in schools},
	volume = {7},
	issn = {0959-4752},
	doi = {10.1016/S0959-4752(97)00014-5},
	number = {4},
	urldate = {2016-09-30},
	journal = {Learning and Instruction},
	author = {Reusser, Kurt and Stebler, Rita},
	month = dec,
	year = {1997},
	pages = {309--327}
	}

@misc{khan2016,
        author = {Khan, Salman},
	year   = {2016},
	title = {Random variables},
	abstract = {Basic idea and definitions of random variables},
	urldate = {2016-10-02}
	}

@article{montgomery1991,
	title = {Codes and combat in biomedical discourse},
	volume = {2},
	issn = {0950-5431, 1470-1189},
	doi = {10.1080/09505439109526314},
	language = {en},
	number = {3},
	urldate = {2016-01-20},
	journal = {Science as Culture},
	author = {Montgomery, Scott L.},
	month = jan,
	year = {1991},
	pages = {341--390},
}

@book{mantzavinos2005,
	title = {Naturalistic hermeneutics},
	address = {Cambridge, England},
	isbn = {978-1-139-44487-3},
	language = {en},
	publisher = {Cambridge University Press},
	author = {Mantzavinos, C.},
	month = mar,
	year = {2005}
}

@article{harrington2012,
	title = {The {use} of {metaphor} in {discourse} {about} {cancer}: {A} {review} of the {literature}},
	volume = {16},
	issn = {1092-1095, 1538-067X},
	doi = {10.1188/12.CJON.408-412},
	number = {4},
	urldate = {2016-01-20},
	journal = {Clinical Journal of Oncology Nursing},
	author = {Harrington, Kristine J.},
	month = aug,
	year = {2012},
	pages = {408--412}
	}

@article{barrie2006,
	title = {Understanding {what} {we} {mean} by the {generic} {attributes} of {graduates}},
	volume = {51},
	issn = {0018-1560},
	number = {2},
	journal = {Higher Education},
	author = {Barrie, Simon C.},
	year = {2006},
	pages = {215--241}
}

@article{smith2006,
	title = {The {role} of the {learning} {community} in the {development} of {discipline} {knowledge} and {generic} {graduate} {outcomes}},
	volume = {51},
	issn = {0018-1560},
	number = {2},
	urldate = {2016-10-06},
	journal = {Higher Education},
	author = {Smith, Calvin and Bath, Debra},
	year = {2006},
	pages = {259--286}
}

@article{ding2015,
	title = {Rethinking the {cognitive} {study} of {metonymy}},
	volume = {5},
	copyright = {Copyright Academy Publication Co., Ltd. Sep 2015},
	issn = {17992591},
	language = {English},
	number = {9},
	urldate = {2016-10-08},
	journal = {Theory and Practice in Language Studies},
	author = {Ding, Fangfang},
	month = sep,
	year = {2015},
	pages = {1836--1841}
	}

@article{gerofsky1996,
	title = {A {linguistic} and {narrative} {view} of {word} {problems} in {mathematics} {education}},
	volume = {16},
	issn = {0228-0671},
	number = {2},
	urldate = {2016-10-09},
	journal = {For the Learning of Mathematics},
	author = {Gerofsky, Susan},
	year = {1996},
	pages = {36--45}
}

@book{polya1945,
	title = {How to {solve} {it}: {A} {new} {aspect} of {mathematical} {method}},
	address = {Princeton, NJ},
	isbn = {978-1-4008-2867-8},
	shorttitle = {How to {Solve} {It}},
	language = {en},
	publisher = {Princeton University Press},
	author = {P\'{o}lya, G.},
	year = {1945}
	}
	
@article{groth2005,
	title = {Pre-service elementary school teachers' metaphors for the concept of statistical sample},
	volume = {4},
	number = {2},
	urldate = {2016-10-10},
	journal = {Statistics education research Journal},
	author = {Groth, Randall E. and Bergner, Jennifer A.},
	year = {2005},
	pages = {27--42}
	}

@book{unesco_institute_for_statistics_international_2012,
	address = {Montreal, Quebec},
	title = {International standard classification of education: {ISCED} 2011},
	isbn = {978-92-9189-123-8},
	shorttitle = {International standard classification of education},
	language = {English},
	publisher = {UNESCO Institute for Statistics},
	author = {{UNESCO}},
	year = {2012},
	note = {OCLC: 879578739}
	}

@article{moschkovich2002,
     author = {Judit N. Moschkovich},
     title = {An Introduction to Examining Everyday and Academic Mathematical Practices},
     journal = {Journal for Research in Mathematics Education},
     volume = {11},
     year = {2002},
     pages={1--11}
}

@article{robins2000,
	title = {Conditioning, {likelihood}, and {coherence}: {A} {review} of {some} {foundational} {concepts}},
	volume = {95},
	issn = {0162-1459, 1537-274X},
	shorttitle = {Conditioning, {Likelihood}, and {Coherence}},
	doi = {10.1080/01621459.2000.10474344},
	language = {en},
	number = {452},
	urldate = {2016-10-13},
	journal = {Journal of the American Statistical Association},
	author = {Robins, James and Wasserman, Larry},
	month = dec,
	year = {2000},
	pages = {1340--1346}
	}

@book{mcculloch2013,
	title = {The {Routledge} {international} {encyclopedia} of {education}},
	address = {Oxford, England},
	isbn = {978-1-317-85358-9},
	language = {en},
	publisher = {Routledge},
	pages = {569--571},
	author = {McCulloch, Gary and Crook, David},
	month = nov,
	year = {2013}
}

@article{barrie2004,
	title = {A research-based approach to generic graduate attributes policy},
	volume = {23},
	issn = {0729-4360},
	doi = {10.1080/0729436042000235391},
	number = {3},
	urldate = {2016-10-19},
	journal = {Higher Education Research \& Development},
	author = {Simon C. Barrie},
	month = aug,
	year = {2004},
	pages = {261--275}
}

@book{luke2013,
	title = {Curriculum, {syllabus} {design}, and {equity}: {A} {primer} and {model}},
	isbn = {978-0-415-80319-9},
	shorttitle = {Curriculum, {Syllabus} {Design}, and {Equity}},
	language = {en},
	publisher = {Routledge},
	address = {Oxford, UK},
	author = {Luke, Allan and Woods, Annette and Weir, Katie},
	year = {2013}
	}

@book{null2011,
	title = {Curriculum: {from} {theory} to {practice}},
	isbn = {978-1-4422-0914-5},
	shorttitle = {Curriculum},
	language = {en},
	publisher = {Rowman \& Littlefield},
	address = {Lanham, MD},
	author = {Null, Wesley},
	month = mar,
	year = {2011},
	keywords = {Education / Curricula, Education / Higher}
}

@article{krippendorff1993,
     title = {Major Metaphors of Communication and some Constructivist Reflections on their Use},
     author = {Klaus Krippendorff},
     journal = {Cybernetics \& Human Knowing},
     volume = {2},
     number = {1},
     pages = {3--25},
     year = {1993}
     }

@article{jonassen1997,
	title = {Instructional {design} {models} for {well}-{structured} and {ill}-{structured} {problem}-{solving} {learning} {outcomes}},
	volume = {45},
	issn = {1042-1629},
	number = {1},
	urldate = {2016-10-24},
	journal = {Educational Technology Research and Development},
	author = {Jonassen, David H.},
	year = {1997},
	pages = {65--94}
	}

@article{rubin1985,
  author = 	 {S. Rubin},
  title = 	 {Professors, students, and the syllabus},
  journal = 	 {The Chronicle of Higher Education},
  year = 	 {1985},
  pages =	 {56},
  month =	 {August}
  }

@book{obrien2009,
	title = {The {course} {syllabus}: {A} {learning}-{centered} {approach}},
	isbn = {978-0-470-60549-3},
	shorttitle = {The {Course} {Syllabus}},
	language = {en},
	publisher = {John Wiley \& Sons},
	address = {New York City, NY},
	author = {O'Brien, Judith Grunert and Millis, Barbara J. and Cohen, Margaret W.},
	month = oct,
	year = {2009}
	}

@article{bergsten2007,
     title = {Investigating quality of undergraduate lectures},
     author = {C. Bergsten},
     journal = {Mathematics Education Research Journal},
     volume = {19},
     number = {3},
     year = {2007},
     pages = {48--72}
     } 

@book{hardy1940,
	title = {A {mathematician}'s {apology}},
	isbn = {978-1-107-39447-6},
	language = {en},
	publisher = {Cambridge University Press},
	address = {Cambridge, England},
	author = {Hardy, G. H.},
	year = {1940}
	}

@book{kovecses2010,
	title = {Metaphor: {A} {practical} {introduction}},
	isbn = {978-0-19-988842-9},
	shorttitle = {Metaphor},
	language = {en},
	publisher = {Oxford University Press},
	address = {Oxford, England},
	author = {K\"{o}vecses, Zolt\'{a}n},
	year = {2010}
	}

@article{mowat2010,
	title = {Interpreting {embodied} {mathematics} {using} {network} {theory}: {implications} for {mathematics} {education}},
	volume = {7},
	issn = {17105668},
	number = {1},
	urldate = {2016-11-07},
	journal = {Complicity: An International Journal of Complexity and Education},
	author = {Mowat, Elizabeth and Davis, Brent},
	month = jan,
	year = {2010}
	}

@article{friesen2011,  
  author = {N. Friesen},
   title = {The lecture as transmedial pedagogical form: a historical analysis},
   journal = {Educational Researcher},
   year = {2011},
   volume = {40},
   number = {3},
   pages = {95--102}
   }

@article{burgan2006,
   author = {M. Burgan},
   year = {2006},
   title = {In defence of lecturing},
   journal = {Change: The Magazine of Higher Learning},
   volume = {38},
   number = {6},
   pages = {30--34}
   }

@article{evans2012,
   author = {Robert Evans},
   year = {2012},
   journal = {Independent School Magazine},
   note = {Winter Edition}
   }

@article{boaler2000,
	title = {Mathematics from {another} {world}: {Traditional} {communities} and the {alienation} of {learners}},
	volume = {18},
	issn = {0732-3123},
	doi = {10.1016/S0732-3123(00)00026-2},
	number = {4},
	urldate = {2016-11-13},
	journal = {The Journal of Mathematical Behavior},
	author = {Boaler, Jo},
	month = jun,
	year = {2000},
	pages = {379--397}
	}
	
@book{low2010,
      	address = {Amsterdam; Philadelphia},
	series = {Human cognitive processing: v. 26},
	title = {Researching and applying metaphor in the real world},
	publisher = {John Benjamins},
	address = {Amsterdam, The Netherlands},
	author = {Low, Graham},
	year = {2010},
	keywords = {Metaphor}
}

@InBook{low2010_wot_no_simile,
  ALTauthor = 	 {Low, G.},
  editor = 	 {Low, G. and Todd, Z. and Deignan, A. and Cameron, L.},
  title = 	 {Wot no similes? The curious absence of simile in university lectures},
  chapter = 	 {14},
  publisher =    {John Benjamins},
  address =      {Amsterdam, The Netherlands},
  year = 	 {2010},
  volume =	 {26},
  series =	 {Human Cognitive Processing},
  pages =	 {291--308}
}

@Article{ormell1996,
  author = 	 {Ormell, C.},
  title = 	 {Eight metaphors of education},
  journal = 	 {Educational Research},
  year = 	 {1996},
  volume =	 {38},
  number =	 {1},
  pages =	 {67--75},
  month =	 {Spring}
}

@book{vella2007,
	address = {San Francisco, CA},
	edition = {first edition},
	title = {On {teaching} and {learning}: {Putting} the {principles} and {practices} of {dialogue} {education} into {action}},
	isbn = {978-0-7879-8699-5},
	language = {English},
	publisher = {Jossey-Bass},
	author = {Vella, Jane},
	month = nov,
	year = {2007}
}

@book{biggs2011,
	address = {Maidenhead, England},
	title = {Teaching {for} {quality} {learning} {at} {university}},
	isbn = {978-0-335-24275-7},
	language = {en},
	publisher = {McGraw-Hill Education (UK)},
	author = {Biggs, John and Tang, Catherine},
	month = sep,
	year = {2011}
}

@InCollection{beger2015,
  address =      {Amsterdam, The Netherlands},
  author = 	 {Beger, A.},
  title = 	 {Metaphors in psychology genres: Counseling vs. academic lectures},
  booktitle = 	 {Metaphor in specialist discourse},
  publisher =	 {John Benjamins},
  year = 	 {2015},
  editor = 	 {Sardinha, T. B. and Herrmann, J. B.},
  volume = 	 {4},
  pages =	 {53--78}
}

@article{beger2011,
	title = {Deliberate metaphors? {An} exploration of the choice and functions of metaphors in {US}-{American} college lectures},
	volume = {20},
	shorttitle = {Deliberate metaphors?},
	number = {2011},
	urldate = {2016-11-21},
	journal = {metaphorik.de},
	author = {Beger, Anke},
	year = {2011},
	pages = {39--61}
}

@book{feller1968,
	address = {New York City, NY},
	edition = {3rd edition},
	title = {An {introduction} to {probability} {theory} and {its} {applications}, {Vol}. 1, 3rd {Edition}},
	isbn = {978-0-471-25708-0},
	language = {English},
	publisher = {Wiley},
	author = {Feller, William},
	year = {1968}
}

@book{crawley2015,
        address = {Chichester, England},
	title = {Statistics: an introduction using {R}},
	isbn = {978-1-118-94111-9},
	shorttitle = {Statistics},
	publisher = {Wiley},
	author = {Crawley, Michael J.},
	year = {2015}
	}

@book{casella2001,
	address = {Pacific Grove, CA},
	edition = {2nd edition},
	title = {Statistical {Inference}},
	isbn = {978-0-534-24312-8},
	language = {English},
	publisher = {Duxbury Press},
	author = {Casella, George and Berger, Roger L.},
	month = jun,
	year = {2001}
}

@article{fauvel1988,
	title = {{Cartesian} and {Euclidean} {rhetoric}},
	volume = {8},
	issn = {0228-0671},
	url = {http://www.jstor.org/stable/40248138},
	number = {1},
	urldate = {2016-12-13},
	journal = {For the Learning of Mathematics},
	author = {Fauvel, John},
	year = {1988},
	pages = {25--29}
	}

@article{weinberg2012,
	title = {Undergraduate {students}' {self}-{reported} {use} of {mathematics} {textbooks}},
	volume = {22},
	issn = {1051-1970},
	number = {2},
	urldate = {2016-12-22},
	journal = {PRIMUS},
	author = {Weinberg, Aaron and Wiesner, Emilie and Benesh, Bret and Boester, Timothy},
	month = feb,
	year = {2012},
	pages = {152--175}
	}
	
@article{yoon2011,
        author = {Yoon, C. and Kensington-Miller, B. and Sneddon, J. and Bartholomew, H.},
	title = {It's not the done thing: social norms governing students' passive behaviour in undergraduate mathematics lectures},
	journal = {International Journal of Mathematical Education in Science and Technology},
	volume = {42},
	number = {8},
	month = {December},
	year = {2011},
	pages = {1107--1122}
	}

@book{laurillard1993,
        address = {London, England},
	title = {Rethinking university teaching: a framework for the effective use of educational technology},
	isbn = {978-0-415-09288-3},
	shorttitle = {Rethinking university teaching},
	publisher = {Routledge},
	author = {Laurillard, Diana},
	year = {1993}
	}

@Article{schiralli2003,
  author = 	 {M. Schiralli and N. Sinclair},
  title = 	 {A constructive response to `Where Mathematics Comes From'},
  journal = 	 {Educational Studies in Mathematics},
  year = 	 {2003},
  volume =	 {52},
  number =	 {1},
  pages =	 {79--91}
  }

@Article{madden2001,
  author = 	 {J. J. Madden},
  title = 	 {Book Review: Where Mathematics Comes From},
  journal = 	 {Notices of the AMS},
  year = 	 {2001},
  volume =	 {48},
  number =	 {10},
  pages =	 {1182--1188}
  }

@Article{goldin2001,
  author = 	 {G. A. Goldin},
  title = 	 {Counting on the metaphorical},
  journal = 	 {Nature},
  year = 	 {2001},
  volume =	 {413},
  pages =	 {18-19},
  month =	 {September}
  }

@article{king1993,
author = {A. King},
year = {1993},
journal = {College Teaching},
volume = {41},
number = {1},
pages = {30--35},
title = {From sage on the stage to guide on the side}
}

@Article{phillips2005,
  author = 	 {R. Phillips},
  title = 	 {Challenging the primacy of lectures: the dissonance between theory and practice in university teaching},
  journal = 	 {Journal of University Teaching and Learning Practice},
  year = 	 {2005},
  volume =	 {2},
  number =	 {1},
  pages =	 {1--12}
}

@Article{marbach2000,
  author = 	 {Marbach-Ad, G. and Sokolove, P. G.},
  title = 	 {Can undergraduate biology students learn to ask higher level questions?},
  journal = 	 {Journal of Research in Science Teaching},
  year = 	 {2000},
  volume =	 {37},
  number =	 {8},
  pages =	 {854--870}
}

@Article{west1994,
  author = 	 {R. West and J. Pearson},
  title = 	 {Antecedent and consequent conditions of student questioning: an analysis of classroom discourse across the university},
  journal = 	 {Communication Education},
  year = 	 {1994},
  volume =	 {43},
  number =	 {4},
  pages =	 {299--311}
}

@Article{pearson1991,
  author = 	 {J. C. Pearson and R. L. West},
  title = 	 {An initial investigation of the effects of gender on student questions in the classroom: Developing a descriptive base},
  journal = 	 {Communication Education},
  year = 	 {1991},
  volume =	 {40},
  pages =	 {22--32}
  }

@Article{wegner2015,
  author = 	 {E. Wegner and M. N\"{u}ckles},
  title = 	 {Knowledge acquisition or participation in communities of practice? Academics' metaphors of teaching and learning at the university},
  journal = 	 {Studies in Higher Education},
  year = 	 {2015},
  volume =	 {40},
  number =	 {4},
  pages =	 {624--643}
  }

@Article{kyung2004,
  author = 	 {{Mi-Kyung}, Ju and {Oh Nam}, Kwon},
  title = 	 {Analysis of students' use of metaphor: the case of a
  {R}{M}{E}-based differential equations course},
  journal = 	 {Journal of the Korea Societyu of Mathematical Education Series {D}},
  year = 	 {2004},
  volume =	 {8},
  number =	 {1},
  pages =	 {19--30},
  month =	 {March}
  }

@Article{nesi2004,
  author = 	 {H. Nesi and G. Sharpling and L. Ganobcsik-Williams},
  title = 	 {Student papers across the curriculum: Designing and developing a corpus of {B}ritish student writing},
  journal = 	 {Computers and Composition},
  year = 	 {2004},
  volume =	 {21},
  number =	 {4},
  pages =	 {439--450}
  }

@Article{read2001,
  author = 	 {B. Read and B. Francis and  J. Robson},
  title = 	 {\squote{Playing Safe}: undergraduate essay writing and the presentation of the student \squote{voice}},
  journal = 	 {British Journal of Sociology of Education},
  year = 	 {2001},
  volume =	 {22},
  number =	 {3},
  pages =	 {387--399}
  }

@Article{horowitz1986,
  author = 	 {D. Horowitz},
  title = 	 {Essay examination prompts and the teaching of academic writing},
  journal = 	 {English for Specific Purposes},
  year = 	 {1986},
  volume =	 {5},
  number =	 {2},
  pages =	 {107--120}
  }

@Article{horowitz1989,
  author = 	 {D. Horowitz},
  title = 	 {Function and form in essay examination prompts},
  journal = 	 {RELC Journal},
  year = 	 {1989},
  volume =	 {20},
  number =	 {2},
  pages =	 {23--35}
  }

@Article{cummins1988,
  author = 	 {D. D. Cummins and W. Kintsch and R. Weimer},
  title = 	 {The role of understanding in solving word problems},
  journal = 	 {Cognitive Psychology},
  year = 	 {1988},
  volume =	 {20},
  number = 	 {4},
  pages =	 {405--438}
  }

 @Book{lamarque1994,
  author = 	 {P. Lamarque and S. H. Olsen},
  title = 	 {Truth, fiction and literature: philosopical perspective},
  publisher = 	 {Clarendon Press},
  address =      {Oxford, England},
  year = 	 {1994}
  }

@Article{keating2015,
  author = 	 {M. Keating},
  title = 	 {Thinking about embedded metaphors},
  journal = 	 {Journal of Pragmatics},
  year = 	 {2015},
  volume =	 {88},
  pages =	 {19--26}
  }

@Misc{fritz2016,
   url = {http://realmrfitz.com/2016/07/metaphors-for-education/}
   }

@Misc{fheq2008,
  author =	 {{Quality Assurance Agency for Higher Education}},
  title =	 {The framework for higher education qualifications in England, Wales, and Northern Ireland},
  month =	 {August},
  year =	 {2008},
  note =	 {Quality Assurance Agency for Higher Education}
  }

@Book{johnson1976,
  author = 	 {M. Johnson},
  title = 	 {How to solve word problems in algebra: a solved problem approach},
  publisher = 	 {McGraw-Hill, New York City, NY},
  year = 	 {1976}
  }

@Book{nesi2012,
  author =	 {H. Nesi and S. Gardner},
  title = 	 {Genres across the disciplines: student writing in higher education},
  publisher = 	 {Cambridge University Press, Cambridge, England},
  year = 	 {2012}
  }

@Article{johnson1983,
  author = 	 {Johnson, M. L.},
  title = 	 {Writing in mathematics classes: a valuable tool for learning},
  journal = 	 {The Mathematics Teacher},
  year = 	 {1983},
  volume = 	 {76},
  number =	 {2},
  pages =	 {117--119}
  }

@Manual{bawe2016,
  title = 	 {The {B}{A}{W}{E} corpus manual: an investigation of genres of assessed writing in {B}ritish {H}igher {E}ducation},
  author =	 {A. Heuboeck and J. Holmes and H. Nesi},
  organization = {The University of Warwick; The University of Reading; Oxford Brookes University},
  year =	 {2016}
  }

@Book{badley2012,
  editor =	 {K. Badley and H. Van Brummelen},
  title = 	 {Metaphors we teach by: how metaphors shape what we do in classrooms},
  publisher = 	 {Wipf and Stock Publishers, Eugene, OR},
  year = 	 {2012}
  }

@Article{alhija2009,
  author = 	 {Alhija, {F. N.-A.} and Fresko, B.},
  title = 	 {Student evaluation of instruction: what can be learned from students' written comments?},
  journal = 	 {Studies in Educational Evaluation},
  year = 	 {2009},
  volume =	 {35},
  number =	 {1},
  pages =	 {37--44}
  }

@Article{braskamp1981,
  author = 	 {L. A. Braskamp and J. C. Ory and D. M. Piper},
  title = 	 {Student written comments: dimensions of instructional quality},
  journal = 	 {Journal of Educational Psychology},
  year = 	 {1981},
  volume =	 {73},
  number =	 {1},
  pages =	 {65--70}
  }

@Article{wachtel1998,
  author = 	 {H. K. Wachtel},
  title = 	 {Student evaluation of college teaching effectiveness: a brief review},
  journal = 	 {Assessment and Evaluation in Higher Education},
  year = 	 {1998},
  volume =	 {23},
  number =	 {2},
  pages =	 {191--212}
  }

@Article{tucker2014,
  author = 	 {B. Tucker},
  title = 	 {Student evaluation surveys: anonymous comments that offend or are unprofessional},
  journal = 	 {Higher Education},
  year = 	 {2014},
  volume =	 {68},
  pages =	 {347--358}
  }

@Article{aleamoni1980,
  author = 	 {L. M. Aleamoni and P. Z. Hexner},
  title = 	 {A review of the research on student evaluation and a report on the effect of different sets of instructions on student course and instructor evaluation},
  journal = 	 {Instructional Science},
  year = 	 {1980},
  volume =	 {9},
  number = 	 {1},
  pages =	 {67--84},
  month =	 {February}
  }

@Article{stewart2015,
  author = 	 {M. Stewart},
  title = 	 {The language of praise and criticism in a student evaluation survey},
  journal = 	 {Studies in Educational Evaluation},
  year = 	 {2015},
  volume =	 {45},
  pages =	 {1--9}
  }

@Misc{chen2006,
  author =	 {J. M. Chen},
  title =	 {First Person Plural},
  month =	 {July},
  year =	 {2006},
  note =	 {Minnesota Legal Studies Research Paper No. 06-30}
  }

@Article{kane1970,
  author = 	 {R. B. Kane},
  title = 	 {The readability of mathematics textbooks revisited},
  journal = 	 {The Mathematics Teacher},
  year = 	 {1970},
  volume =	 {63},
  number =	 {7},
  pages =	 {579--581},
  month =	 {November}
  }

@Article{lange2016,
  author = 	 {C. Lange},
  title = 	 {Characterization of finite groups generated by reflections and rotations},
  journal = 	 {Journal of Topology},
  year = 	 {2016},
  volume =	 {9},
  number =	 {4},
  pages =	 {1109--1129}
  }

@Article{kuo1999,
  author = 	 {Kuo, Chih-Hua},
  title = 	 {The use of personal pronouns: role relationships in scientific journal articles},
  journal = 	 {English for Specific Purposes},
  year = 	 {1999},
  volume =	 {18},
  number =	 {2},
  pages =	 {121--138}
  }

@Article{keeling2006,
  author = 	 {R. Keeling},
  title = 	 {The {B}ologna {P}rocess and the {L}isbon research agenda: the {E}uropean {C}ommision's expanding gole in higher education discourse},
  journal = 	 {European Journal of Education},
  year = 	 {2006},
  volume =	 {41},
  number =	 {2},
  pages =	 {203--223}
  }

@InBook{fitzgerald2012,
  author =	 {T. Fitzgerald},
  editor =	 {A. R. J. Biggs and M. Coleman and M. Morrison},
  title = 	 {Reserch methods in educational leadership and management},
  chapter = 	 {Documents and documentary analysis: reading between the lines},
  publisher = 	 {Sage publishers, London, England},
  year = 	 {2012},
  pages =	 {278--314}
  }

@Book{edwards1984,
  author =	 {A. W. F. Edwards},
  title = 	 {Likelihood},
  publisher = 	 {Cambridge University Press, Cambridge, England},
  year = 	 {1984}
  }

@Book{hec1992,
  author =	 {Higher Education Council},
  title = 	 {Higher Education: achieving quality},
  publisher = 	 {Australian Government Publishing Service, Canberra, Australia},
  year = 	 {1992}
  }

@Article{cornelissen2012,
  author = 	 {J. P. Cornelissen},
  title = 	 {Beyond compare: metaphor in organization theory},
  journal = 	 {Academy of Management Review},
  year = 	 {2012},
  volume =	 {30},
  number =	 {4},
  pages =	 {751--754}
  }

@Article{amernic2007,
  author = 	 {J. Amernic and C. Russel and D. Tourish},
  title = 	 {The transformational leader as pedagogue, physician, architect, commander and saint: five root metaphors in {J}ack {W}elsh's letters to stockholders of {G}eneral {E}lectric},
  journal = 	 {Human Relations},
  year = 	 {2007},
  volume =	 {60},
  number =	 {12},
  pages =	 {1839--1872}
  }

@InBook{ribbins2012,
  author =	 {P. Ribbins},
  editor =	 {A. R. J. Briggs and M. Coleman and M. Morrison},
  title = 	 {Research methods in educational leadership},
  chapter = 	 {13},
  publisher = 	 {Sage Publishers, London, England},
  year = 	 {2012}
  }

@InBook{goodman1979,
  author =	 {N. Goodman},
  title = 	 {Metaphor as moonlighting},
  journal =      {Critical Enquiry},
  volume =       {6},
  number =       {1},
  pages =        {125--130},
  year = 	 {1979}
  }

@Article{tourish2012,
  author = 	 {D. Tourish and O. Hargie},
  title = 	 {Metaphors of failure and the failures of metaphor: a critical study of root metaphors used by bankers in explaining the banking crisis},
  journal = 	 {Organization Studies},
  year = 	 {2012},
  volume =	 {33},
  number =	 {8},
  pages =	 {1045--1069}
  }

@Article{wasserstein2016,
  author = 	 {R. L. Wasserstein and N. A. Lazar},
  title = 	 {The {A}{S}{A}'s statement on p-values: context, process, and purpose},
  journal = 	 {The American Statistician},
  year = 	 {2016},
  volume =	 {70},
  number =	 {2},
  pages =	 {129--133}
  }

@Book{searle1969,
  author =	 {J. R. Searle},
  title = 	 {Speech acts: an essay in the philosophy of language},
  publisher = 	 {Cambridge University Press, Cambridge, England},
  year = 	 {1969}
  }

@Misc{epstein2016,
  author =	 {R. Epstein},
  title =	 {The empty brain},
  journal =      {Aeon},
  month =	 {May},
  year = 	 {2016},
  url =          {https://aeon.co/essays/your-brain-does-not-process-information-and-it-is-not-a-computer}
  }

@Article{rota2011,
  author = 	 {G.-C. Rota},
  title = 	 {The phenomenology of mathematical beauty},
  journal = 	 {Synthese},
  year = 	 {1997},
  volume =	 {111},
  number =	 {2},
  pages =	 {171--182},
  month =	 {May}
  }

@Book{gibbs2017,
  author =	 {R. W. Gibbs},
  title = 	 {Metaphor wars: conceptual metaphors in human life},
  publisher = 	 {Cambridge University Press},
  year = 	 {2017},
  address =      {Cambridge, England}
  }

@Article{dawid1979,
  author = 	 {A. P. Dawid},
  title = 	 {Some misleading arguments involving conditional independence},
  journal = 	 {Journal of the Royal Statistical Society, Series B},
  year = 	 {1979},
  volume =	 {41},
  number =	 {2},
  pages =	 {249--252}
  }

@Article{paechter2004,
  author = 	 {C. Paechter},
  title = 	 {Metaphirs of space in educational theory and practice},
  journal = 	 {Pedagogy, Culture and Society},
  year = 	 {2004},
  volume =	 {12},
  number =	 {3},
  pages =	 {449--466}
  }

@Book{robinson2011,
  author =	 {K. Robinson},
  title = 	 {Out of our minds: learning to be creative},
  publisher = 	 {Capstone},
  year = 	 {2011},
  address =	 {Chichester, England}
  }

@Book{definetti1975,
  author =	 {{de Finetti}, B.},
  title = 	 {Theory of probability: a critical introductory treatment},
  publisher = 	 {Wiley},
  year = 	 {1975},
  address =      {Chichester, England}
}

@Article{nau2001,
  author = 	 {Nau, R. F.},
  title = 	 {De {F}inetti was right: Probability does not exist},
  journal = 	 {Theory and Decision},
  year = 	 {2001},
  volume =	 {51},
  number =	 {2-4},
  pages =	 {89--124}
  }

